<?xml version="1.0" encoding="UTF-8"?><collection xmlns="http://www.loc.gov/MARC21/slim"><record><leader>00526nam--2200205-u-4500</leader><controlfield tag="001">000051341</controlfield><controlfield tag="002">20161230</controlfield><controlfield tag="005">20161230201049</controlfield><controlfield tag="008">080702s1000------------r-----000-0-eng-d</controlfield><datafield ind1=" " ind2=" " tag="020"><subfield code="a">0-935702-11-3</subfield></datafield><datafield ind1=" " ind2=" " tag="040"><subfield code="a">IFIN-HH</subfield></datafield><datafield ind1=" " ind2=" " tag="080"><subfield code="a">612.375</subfield></datafield><datafield ind1="1" ind2="0" tag="100"><subfield code="a">Siegman, Anthony E</subfield></datafield><datafield ind1="1" ind2="0" tag="245"><subfield code="a">Lasers</subfield></datafield><datafield ind1=" " ind2=" " tag="260"><subfield code="a">Sausalito</subfield><subfield code="b">University Science Books</subfield><subfield code="c">1986</subfield></datafield><datafield ind1=" " ind2=" " tag="300"><subfield code="a">1283 p</subfield></datafield><datafield ind1=" " ind2=" " tag="490"><subfield code="a">Nobel Prise Awards Relevant to Lasers</subfield></datafield><datafield ind1="1" ind2=" " tag="700"><subfield code="a">Anthony E. Siegman</subfield></datafield><datafield ind1=" " ind2=" " tag="852"><subfield code="a">82085</subfield><subfield code="c">621.375.9</subfield></datafield><datafield ind1=" " ind2=" " tag="CAT"><subfield code="a">Sys</subfield><subfield code="c">20080702</subfield><subfield code="h">101405</subfield></datafield></record></collection>